






@article{doi:10.1080/03124070108414319,
author = { Mike   Collingridge  and  Seumas   Miller  and  Wendy   Bowles },
title = {Privacy and confidentiality in social work},
journal = {Australian Social Work},
volume = {54},
number = {2},
pages = {3-13},
year  = {2001},
publisher = {Routledge},
doi = {10.1080/03124070108414319},

URL = { 
        https://doi.org/10.1080/03124070108414319
    
},
eprint = { 
        https://doi.org/10.1080/03124070108414319
    
}

}


