@article{firstone,
  title={Accessing social media: Help or hindrance for people with social anxiety?},
  author={Carruthers, Sophie E and Warnock-Parkes, Emma L and Clark, David M},
  journal={Journal of experimental psychopathology},
  volume={10},
  number={2},
  pages={2043808719837811},
  year={2019},
  publisher={SAGE Publications Sage UK: London, England}
}

    @article{Confidentiality,
author = { Mike   Collingridge  and  Seumas   Miller  and  Wendy   Bowles },
title = {Privacy and confidentiality in social work},
journal = {Australian Social Work},
volume = {54},
number = {2},
pages = {3-13},
year  = {2001},
publisher = {Routledge},
doi = {10.1080/03124070108414319}}